@ARTICLE{BartekLower,
   author = {{Court}, S.~J. and {Waclaw}, B. and {Allen}, R.~J.},
    title = "{Lower glycolysis carries a higher flux than any biochemically possible alternative}",
  journal = {ArXiv e-prints},
archivePrefix = "arXiv",
   eprint = {1404.2900},
 primaryClass = "q-bio.MN",
 keywords = {Quantitative Biology - Molecular Networks},
     year = 2014,
    month = apr,
   adsurl = {http://adsabs.harvard.edu/abs/2014arXiv1404.2900C},
  adsnote = {Provided by the SAO/NASA Astrophysics Data System}
}

